<record><leader>00000cas a22000007a 4500</leader><controlfield tag="001">18280321</controlfield><controlfield tag="008">880727d18831927nduwr ne      0   a0eng d</controlfield><datafield ind1=" " ind2=" " tag="010"><subfield code="a">sn 88076013 </subfield></datafield><datafield ind1=" " ind2=" " tag="040"><subfield code="a">NOP</subfield><subfield code="b">eng</subfield><subfield code="c">NOP</subfield><subfield code="d">OCLCQ</subfield><subfield code="d">DLC</subfield><subfield code="d">OCLCF</subfield></datafield><datafield ind1="0" ind2=" " tag="022"><subfield code="a">2475-8728</subfield><subfield code="2">1</subfield></datafield><datafield ind1=" " ind2=" " tag="042"><subfield code="a">msc</subfield><subfield code="a">nsdp</subfield></datafield><datafield ind1=" " ind2=" " tag="043"><subfield code="a">n-us-nd</subfield></datafield><datafield ind1="0" ind2="0" tag="050"><subfield code="a">Newspaper</subfield></datafield><datafield ind1="1" ind2="0" tag="082"><subfield code="a">071</subfield><subfield code="2">23</subfield></datafield><datafield ind1="0" ind2=" " tag="130"><subfield code="a">Dickinson press (Dickinson, N.D. : 1883)</subfield></datafield><datafield ind1=" " ind2="4" tag="222"><subfield code="a">The Dickinson press</subfield><subfield code="b">(Dickinson, N.D. 1883. Print)</subfield></datafield><datafield ind1="1" ind2="4" tag="245"><subfield code="a">The Dickinson press.</subfield></datafield><datafield ind1=" " ind2=" " tag="260"><subfield code="a">Dickinson, Stark County, D.T. [i.e. N.D.] :</subfield><subfield code="b">Scott &amp; Mabee</subfield></datafield><datafield ind1=" " ind2=" " tag="300"><subfield code="a">45 v. :</subfield><subfield code="b">ill. ;</subfield><subfield code="c">54-66 cm.</subfield></datafield><datafield ind1=" " ind2=" " tag="310"><subfield code="a">Weekly</subfield></datafield><datafield ind1="0" ind2=" " tag="362"><subfield code="a">Vol. 1, no. 1 (Mar. 31, 1883)-v. 45, no. 46 (Dec. 29, 1927).</subfield></datafield><datafield ind1=" " ind2=" " tag="500"><subfield code="a">"Official paper for Stark County."</subfield></datafield><datafield ind1=" " ind2=" " tag="530"><subfield code="a">Available on microfilm from the State Historical Society of North Dakota.</subfield></datafield><datafield ind1=" " ind2=" " tag="530"><subfield code="a">Archived issues are available in digital format from the Library of Congress Chronicling America online collection.</subfield></datafield><datafield ind1=" " ind2="0" tag="651"><subfield code="a">Dickinson (N.D.)</subfield><subfield code="v">Newspapers.</subfield></datafield><datafield ind1=" " ind2="7" tag="655"><subfield code="a">Newspapers.</subfield><subfield code="2">fast</subfield><subfield code="0">(OCoLC)fst01423814</subfield></datafield><datafield ind1=" " ind2="7" tag="651"><subfield code="a">North Dakota</subfield><subfield code="z">Dickinson.</subfield><subfield code="2">fast</subfield><subfield code="0">(OCoLC)fst01208545</subfield></datafield><datafield ind1=" " ind2=" " tag="752"><subfield code="a">United States</subfield><subfield code="b">North Dakota</subfield><subfield code="c">Stark</subfield><subfield code="d">Dickinson.</subfield></datafield><datafield ind1="0" ind2="8" tag="776"><subfield code="i">Online version:</subfield><subfield code="t">Dickinson press (Dickinson, N.D. : 1883)</subfield><subfield code="x">2475-8736</subfield><subfield code="w">(DLC)  2017218540</subfield><subfield code="w">(OCoLC)971052282</subfield></datafield><datafield ind1="0" ind2="7" tag="785"><subfield code="t">Recorder-post</subfield><subfield code="w">(DLC)sn 88076018</subfield></datafield><datafield ind1="0" ind2="7" tag="785"><subfield code="t">Dickinson press and Dickinson recorder-post</subfield><subfield code="w">(DLC)sn 88076014</subfield></datafield><datafield ind1="4" ind2="1" tag="856"><subfield code="u">http://chroniclingamerica.loc.gov/lccn/sn88076013/issues/</subfield></datafield></record>